1436 2371
335 30 890 84 mstvnAnvMyAc
938 38 1207 78 pennen
1233 44 1327 80 vu

253 139 300 180 in
318 145 524 197 promptu
534 140 710 198 reperies
731 137 918 183 valorem
927 136 979 182 ad
995 151 1222 183 numerum
1233 153 1350 184 coroa

252 206 450 240 natorum
461 201 591 243 trium
602 200 842 243 millionum
853 197 1130 245 ducentorum
1141 199 1324 244 millium
1334 229 1354 255 ,

250 270 333 313 que
344 267 390 300 vt
405 273 457 301 ex
467 257 594 302 abaco
603 260 723 302 facile
733 259 917 303 constare
926 259 1080 319 potest,
1091 259 1223 303 ferme
1235 260 1352 303 mille

250 324 432 361 trecenta
443 320 708 378 vigintisepte
720 319 873 363 talenta
897 323 1060 377 argenti
1073 319 1349 363 aestimatione

247 377 689 436 equarepoffuntAEsto
700 382 830 437 igitur
841 378 909 423 hic
922 393 1120 423 numerus
1141 379 1352 424 talentorfi

246 441 412 494 argenti
455 452 503 482 ro
526 440 689 483 summa
704 453 902 482 cororum
913 441 1039 481 tritici
1050 469 1062 482 .
1073 438 1122 483 N
1124 454 1169 482 ec
1188 437 1292 483 illud
1303 455 1349 482 oa

248 499 401 541 mitten
433 513 506 541 um
517 499 593 553 est,
605 498 720 557 quod
742 498 812 542 vbi
823 498 881 542 est
892 501 980 543 auri
989 500 1109 558 copia
1124 527 1139 553 ‚
1151 497 1210 542 ibi
1219 501 1352 543 carius

246 565 392 600 caetera
404 556 642 602 venduntur
655 589 666 602 .
681 560 776 602 Iam
788 574 838 602 ex
859 557 968 602 libro
991 558 1350 618 Paralipomenon

244 615 409 660 secundi
421 616 594 661 secundo
614 616 795 662 totidem
814 617 962 662 hordei
989 622 1076 662 cori
1101 621 1146 662 in
1168 617 1350 663 similem

246 675 366 719 vsum
376 680 436 720 im
438 676 525 737 pest
535 678 711 722 sunt.Est
721 681 814 722 aute
825 681 951 722 tritici
961 676 1012 722 ad
1022 677 1182 722 hordei}
1197 680 1348 738 scriptu

244 748 301 778 rae
317 739 400 785 etia
411 736 655 782 austoritate
664 739 789 798 tripla
800 741 1040 799 proportio,
1053 737 1085 782 si
1097 739 1265 798 vtriusqss
1279 754 1349 782 vas

242 795 333 839 lore
343 796 519 842 attedas.
533 798 734 858 scriptum
745 798 931 842 estenim
942 797 1223 858 Apocalypsis
1232 799 1350 843 sexto

244 854 417 901 Bvssibris
426 861 552 902 tritici
561 857 732 903 denario
741 873 829 903 vno
840 889 857 913 ‚
871 860 913 903 &
927 868 1010 903 tres
1019 858 1187 902 bilibres
1197 857 1348 903 hordei

241 913 415 960 denario
432 921 649 974 vno.Quo
660 917 710 963 fit
721 929 768 962 vt
784 918 1007 963 aestimatio
1017 915 1236 973 horde1·‚ad
1247 933 1342 963 eam

240 990 334 1033 quae
349 981 488 1022 tritico
498 979 696 1024 attributa
707 979 782 1034 est,
794 978 844 1023 fit
854 978 1227 1039 subtripla.Qare
1237 976 1342 1022 desia

238 1036 409 1092 gnanda
419 1042 496 1082 erit
516 1037 743 1096 hordeacee
752 1039 939 1100 impense
949 1040 1112 1083 summa
1132 1038 1340 1083 talentorfi

236 1101 403 1154 argenti
423 1098 1011 1157 quadringentorumduorum
1037 1100 1081 1142 δε
1108 1095 1341 1157 quadragin

236 1164 279 1199 ta
289 1157 419 1216 paulo
428 1158 522 1218 plus
535 1163 906 1218 minusve.Qum
917 1169 1056 1204 autem
1067 1174 1118 1202 ex
1130 1156 1280 1202 eodem
1294 1174 1340 1203 ca

234 1219 325 1275 pite
333 1217 498 1264 secundi
508 1219 866 1279 Paralipomenon
875 1217 1054 1263 secundo
1066 1248 1082 1273 ,
1093 1221 1182 1262 vini
1197 1219 1241 1261 &
1255 1219 1339 1263 olei

233 1280 398 1321 mentio
406 1277 753 1338 flat9exploranda
765 1283 881 1339 prius
892 1279 952 1322 est
961 1282 1083 1322 vnius
1095 1276 1149 1321 ad
1157 1279 1337 1323 alterum

229 1339 361 1396 precii
371 1339 694 1398 aestimarioniscp
705 1343 929 1399 proportio
942 1369 957 1393 ‚
967 1354 1013 1382 ac
1023 1335 1174 1381 deinde
1193 1341 1335 1397 precisi

229 1397 311 1441 illis
321 1397 586 1443 statuendum
596 1399 654 1443 est
663 1398 893 1456 liquoribus
907 1430 917 1442 .
932 1398 1052 1443 Nam
1062 1395 1113 1441 de
1123 1396 1334 1442 misurarii

231 1457 503 1503 multitudine
514 1476 564 1503 ex
575 1457 775 1519 predistis
787 1460 881 1503 satis
891 1459 1049 1502 costare
1057 1457 1333 1518 potest.equas

227 1517 280 1560 lis
291 1522 408 1563 enim
419 1520 477 1563 est
488 1523 533 1563 in
545 1521 686 1580 vtrisq3
711 1519 947 1564 mensurarfi
961 1533 1174 1563 numerus.
1191 1521 1333 1577 Siquis

227 1575 327 1622 dem
349 1581 519 1639 vtriusq3
532 1581 705 1638 liquoris
716 1595 797 1640 pro
809 1582 963 1638 viginti
980 1582 1099 1623 annis
1120 1580 1206 1621 cori
1228 1593 1328 1636 quae

225 1636 440 1697 dringenti
457 1639 948 1700 aisementur9totidemq3
966 1642 1074 1693 vini,
1083 1648 1131 1681 vt
1141 1654 1193 1681 ex
1204 1639 1327 1683 secun

224 1696 282 1742 do
292 1698 455 1744 secundi
469 1701 827 1760 Paralipomenon
836 1700 1215 1758 liquetttemperata
1223 1713 1324 1755 quae

224 1758 324 1804 dam
335 1762 489 1821 ciuiliq3
501 1761 776 1804 aestimatione
784 1760 1092 1805 «constituemus
1115 1757 1323 1802 exceffum

221 1823 351 1878 precii
373 1821 455 1864 olei
478 1822 598 1880 super
619 1824 768 1865 vinum
782 1823 826 1863 in
849 1835 894 1863 ea
926 1821 1205 1879 proportione
1226 1833 1321 1876 quae

218 1880 288 1939 {est
299 1884 424 1924 tritici
442 1879 496 1925 ad
515 1879 723 1925 hordeum
742 1911 758 1935 ,
769 1896 861 1939 quae
888 1881 956 1938 est}
967 1879 1094 1939 tripla
1106 1909 1117 1921 .
1135 1880 1188 1921 Si
1209 1890 1314 1937 ergo

218 1939 304 1984 duo
314 1952 512 1985 coronata
526 1956 626 1984 coro
646 1943 736 1983 vini
758 1952 993 2000 temperato
1005 1941 1145 1999 precio
1156 1938 1310 1982 tribue.

217 2001 512 2047 rimuszeuadet
518 2016 717 2046 numerus
729 2000 1314 2060 ostingentorum'coronatoe
