1436 2371
381 69 667 107 mnnsvssa
686 70 814 107 Rvu
847 72 922 108 Ae
955 72 1293 109 PONDBRVM

282 171 400 216 Cum
410 166 523 230 'ergo
549 167 747 216 denarius
768 168 913 216 decem
924 168 1088 227 affes,&
1112 169 1393 231 quadraginta

279 229 531 290 quadrantes
541 233 716 291 recipiat
726 262 742 287 ,
756 229 862 290 quid
871 234 1053 293 apertius
1065 235 1197 292 quam
1209 233 1235 276 s
1257 233 1396 277 emili
1434 245 1436 247 ·

280 291 420 336 valere
428 288 574 336 decem
584 289 780 335 denarios
800 306 1004 336 nummos
1016 322 1032 347 ,
1044 307 1178 352 quum
1233 295 1397 336 enarius

279 360 461 408 quatuor
471 381 487 407 ,
516 352 562 396 &
587 351 774 413 sportula
786 350 892 397 duos
902 349 1095 396 denarios
1118 368 1216 397 curn
1239 351 1396 397 semilse

281 412 495 456 contineat
516 415 534 455 ἑ
546 411 771 457 Nummus
781 425 886 471 ergo
907 411 977 455 ille
997 423 1219 470 argenteus
1241 415 1397 472 capita:

281 479 353 515 tus
372 485 502 530 quem
519 470 709 516 Testone
732 472 865 530 vulgo
886 471 1148 531 appellamus
1161 502 1179 527 ,
1191 473 1399 530 congiarij

287 529 335 575 δε
347 530 540 590 sportulae
551 529 665 590 apud
677 530 908 576 Romanos
920 535 1057 575 vicem
1067 533 1260 576 tenet.At
1269 532 1400 590 longe

282 590 496 634 inferioris
505 601 619 634 notae
631 600 717 635 erat
732 605 780 635 ea
794 589 977 650 sportula
986 605 1116 649 quam
1128 591 1314 636 samueli
1324 592 1399 635 obs

281 649 414 695 latam
425 651 608 709 legImus
621 664 635 693 ι
645 649 841 709 .Regum
855 648 954 706 9.fic
962 655 1079 695 enim
1103 652 1141 695 le
1174 654 1258 696 itur
1269 681 1285 708 ‚
1299 652 1401 696 Ecce

287 711 462 754 inuenta
472 709 532 754 est
544 713 589 753 in
601 724 730 755 manu
741 725 836 754 mea
855 721 1001 769 quarta
1011 726 1108 772 pars
1129 667 1212 755 slgcli
1238 726 1371 770 argen
1383 731 1399 752 a

283 772 319 814 ti
330 799 349 824 ,
360 784 489 829 quam
513 768 624 814 dabo
635 773 729 815 viro
751 768 820 814 dei
831 781 878 814 vt
890 775 1117 815 annunciet
1136 771 1260 816 nobis
1281 774 1401 815 viam

285 829 476 874 nostram
494 861 506 874 .
519 829 641 875 Nam
652 841 797 889 quarta
807 845 904 891 pars
916 829 1000 875 sicli
1009 830 1210 875 drachma
1220 830 1280 875 est
1290 860 1308 885 ,
1318 829 1372 874 de
1383 849 1399 870 ι

283 893 408 935 nario
418 892 563 934 minor
573 888 721 934 ostana
736 901 853 951 parte
868 920 886 947 ,
897 889 1013 949 quod
1029 893 1071 936 &
1086 892 1158 936 suo
1169 891 1263 935 loco
1280 884 1401 935 diffii

282 950 420 1004 est‚ite‘
433 952 476 995 &
489 951 573 994 alio
584 951 677 994 loco
686 948 1067 1006 dicendum,maior
1077 961 1221 996 tamen
1233 949 1293 994 est
1303 950 1402 1010 spor

284 1010 374 1054 tula
395 1008 633 1055 sacerdotali
653 1025 742 1054 vno
763 1008 936 1056 denatio
947 1026 1131 1055 nummo
1142 1041 1159 1066 ,
1172 1025 1269 1055 cum
1290 1009 1400 1054 duos

283 1079 453 1115 tantum
463 1069 617 1114 solidos
632 1072 675 1114 &
692 1071 895 1115 semissem
937 1074 1140 1131 ercipiant
1162 1067 1368 1115 sacrifican
1380 1091 1395 1110 ι

281 1139 346 1173 tes
356 1129 439 1174 hoc
449 1131 596 1175 nostro
618 1131 751 1175 seculo
762 1131 905 1190 spottu
922 1148 944 1188 ς
955 1130 1245 1186 ηοωίιιε.Ηςς
1255 1140 1400 1174 autem

283 1187 341 1233 de
352 1194 572 1249 congiario
584 1188 694 1235 dista
707 1194 765 1235 ita
774 1193 904 1250 accipi
919 1191 1069 1246 velim,
1078 1201 1127 1234 vt
1137 1204 1287 1234 eorum
1330 1205 1396 1234 uae

283 1248 461 1294 dicenda
470 1249 563 1295 sunt
575 1254 622 1294 in
633 1249 711 1294 asse
723 1250 987 1311 Papyriano,
999 1251 1167 1295 censuri
1188 1206 1402 1310 expeaet.

283 1307 439 1355 Restat
448 1326 500 1354 ex
542 1314 728 1355 eminato
740 1309 894 1354 semiss‘e
904 1312 952 1354 c6
987 1326 1112 1358 onere
1122 1306 1401 1368 ass'em,quead

286 1368 422 1414 modfi
436 1386 489 1414 ex
532 1372 715 1430 uplicato
726 1368 926 1428 quadrate
935 1325 1204 1425 sgmiss'emffl
1218 1384 1272 1413 ex
1283 1382 1402 1430 repes

284 1433 368 1474 tito
382 1432 505 1475 triete
520 1429 674 1474 bessem
685 1429 1182 1474 costituimus.Semilsem
1194 1440 1337 1474 autem
1348 1443 1401 1473 ex

285 1489 516 1536 nouiffimo
537 1491 702 1551 prefato
710 1489 873 1534 dixim⁹
884 1490 1020 1534 valere
1028 1488 1136 1535 duos
1145 1488 1404 1545 denariolos,

285 1553 425 1610 pitam
436 1565 534 1595 cum
545 1549 700 1594 semisse
710 1581 726 1606 ‚
742 1552 786 1594 &
799 1548 961 1594 decima
971 1553 1094 1595 vnius
1114 1552 1316 1610 pitae.qua
1335 1563 1398 1594 ra,

284 1613 405 1654 tione
414 1625 458 1655 as
471 1610 742 1655 aestimabitur
792 1620 942 1654 uatuor
960 1607 1184 1654 denariolis
1193 1638 1210 1664 ‚
1220 1623 1318 1652 cum
1328 1605 1399 1653 de·

283 1672 437 1714 narioli
457 1671 618 1731 obolicp
633 1669 780 1714 semiffi
810 1685 858 1714 us
869 1699 886 1725 ,
902 1670 946 1713 ἀ
961 1673 1108 1728 quinta
1127 1679 1247 1730 parte
1272 1670 1397 1713 vnius

282 1729 437 1791 pite.id
446 1729 563 1789 quod
573 1733 655 1774 etii
666 1730 750 1775 alio
761 1730 855 1773 loco
866 1729 1140 1789 probatur,ex
1151 1744 1203 1772 eo
1215 1725 1331 1787 quod
1353 1742 1400 1773 as

284 1790 337 1834 fit
348 1789 510 1835 decima
519 1805 616 1851 pars
627 1788 771 1834 denari
776 1791 892 1848 i‚que
903 1787 1189 1846 quadrinfimfi
1201 1784 1398 1833 duodena

283 1853 349 1895 rifi
367 1851 445 1895 effe
456 1850 483 1895 d
488 1853 619 1895 ixim⁹
631 1852 746 1894 mersi
757 1848 810 1893 de
819 1849 898 1893 affe
907 1847 1094 1893 fusi⁹hoc
1110 1849 1203 1893 loco
1215 1845 1397 1892 differat.

331 1911 442 1955 Affis
465 1908 715 1969 significatio
726 1921 817 1954 tam
829 1909 909 1953 late
924 1919 1040 1969 patet
1053 1939 1069 1964 ,
1080 1912 1114 1968 ξ
1125 1911 1239 1953 varie
1249 1906 1397 1952 accidit

285 1970 469 2016 solidum
479 1969 649 2030 aliquod
661 1974 707 2014 in
719 1980 856 2031 partes
868 1967 1001 2013 diuidi
1011 1970 1232 2028 aliquotas.
1244 1967 1397 2013 secerni

285 2042 356 2076 tur
366 2042 510 2077 autem
521 2042 568 2076 vt
579 2032 816 2092 plurimum
831 2032 877 2076 in
887 2026 1127 2076 duodecim.
1141 2031 1208 2074 Sic
1219 2025 1269 2074 fit
1278 2037 1326 2074 vt
1335 2028 1392 2074 ast
