1436 2371
347 39 812 99 nnnsvmnvu
846 64 921 97 Ac
953 58 1298 98 nounnnvn

259 160 434 222 gnificat
445 165 545 221 iuga
556 160 706 206 boum.
724 162 847 207 Esaiae
859 173 899 214 5.
913 162 1080 206 Decem
1092 165 1236 221 iugera
1244 161 1379 208 boum

257 225 412 267 facient
423 222 690 280 lagunculam
705 222 929 266 vnam.vbi
939 238 1078 266 aream
1090 222 1288 280 intelligit
1298 237 1380 281 que

260 282 405 326 decem
417 286 525 341 iugis
542 282 673 326 boum
686 297 772 326 vno
782 281 850 325 die
859 282 986 341 possit
995 286 1100 326 arari
1112 314 1124 326 .
1147 282 1264 327 Cum
1275 297 1381 341 ergo

257 357 335 387 nec
345 342 459 402 apud
471 357 619 385 omnes
628 340 774 386 eadem
788 341 835 385 fit
846 353 964 389 terrae
975 341 1149 396 coditio,
1160 357 1236 402 nec
1246 342 1380 387 boum

260 402 391 447 robur
404 401 516 447 idem
535 404 576 445 &
587 400 796 446 fortitudo
807 433 823 456 ‚
835 404 970 459 iugeri
993 405 1272 460 quantitatem
1297 417 1380 462 pro

259 464 457 520 qualitate
467 465 695 521 regionum
707 466 866 505 variam
879 461 954 504 effe
965 462 1252 520 oportet.Alia
1262 467 1380 506 enim

260 523 321 566 est
332 526 466 581 iugeri
481 522 675 566 Romani
680 525 726 578 ‚q‘
739 532 808 564 aut
819 519 992 565 Parisini
1002 520 1232 564 aliarumve
1242 526 1378 580 regim

259 596 365 627 num
380 585 603 641 quantitas,
618 579 823 638 siquidem
835 580 1009 625 authore
1023 581 1379 641 Columella‚iuge

257 656 356 685 rum
369 653 435 685 tot
446 639 572 701 pedes
583 640 707 684 habet
719 640 941 698 quadratos
954 671 970 696 ,
982 651 1087 698 quot
1096 640 1380 686 intercludun-

258 711 329 746 tur
342 703 478 761 spacio
488 703 728 756 terre‚cuius
741 699 966 759 longitudo
978 699 1028 743 sit
1037 699 1267 746 ducentorfi
1278 718 1378 761 quaa

257 759 455 820 draginta
466 758 778 822 pedfi,latitudo
789 776 890 804 vero
902 771 1074 805 centum
1086 761 1378 820 vigintirquod

256 820 289 864 {i
304 823 481 866 alterum
494 822 624 865 altero
641 820 763 864 multi
797 820 981 864 licaueris
995 851 1009 873 ‚
1023 819 1256 880 prodibunt
1279 821 1378 868 inde

255 881 417 941 pedum
431 878 689 941 vigintiosto
701 835 818 924 milia
828 896 925 925 cum
937 878 1211 940 ofitingentis,
1224 886 1299 941 qui
1309 882 1379 927 hic

254 941 415 1002 pedum
426 956 626 986 numerus
637 970 654 996 ,
669 938 933 1000 offingentas
943 939 1180 1002 hexapedas
1202 940 1379 1002 quadrao

258 1011 322 1045 tas
334 1003 561 1047 constituit.

302 1064 506 1121 Iugerum
518 1072 660 1107 autem
674 1060 912 1107 Parilinum
923 1060 1062 1107 medie
1076 1072 1308 1124 temperata
1329 1061 1377 1109 di

255 1122 474 1166 mensione
485 1127 541 1167 ita
552 1121 760 1167 definiunt
771 1153 788 1177 ,
799 1133 846 1165 vt
856 1122 1005 1168 habeat
1020 1127 1066 1166 in
1079 1125 1116 1167 se
1128 1122 1255 1183 pedes
1275 1139 1378 1181 quaa

253 1181 397 1227 dratos
410 1182 686 1242 quadraginta
698 1180 914 1226 ostomssia
928 1181 1245 1241 quadringetos,
1258 1181 1376 1241 quod

253 1244 448 1301 iugerum
462 1241 676 1304 perficitur
687 1258 738 1285 ex
761 1245 1015 1301 perticarum
1027 1246 1227 1298 centuria,
1240 1243 1377 1289 modo

230 1345 232 1347 .
283 1306 411 1346 ertica
421 1302 476 1348 du
483 1320 528 1347 os
540 1318 586 1346 ac
600 1306 754 1360 viginti
777 1301 905 1362 pedes
917 1301 1186 1361 longitudine
1197 1319 1374 1363 compre

249 1315 470 1422 Eedassqm·
480 1377 679 1407 numerus
691 1365 736 1405 in
748 1363 784 1405 se
795 1360 944 1406 dufms
955 1360 1152 1421 quadrate
1162 1379 1214 1406 ex
1225 1363 1265 1406 se
1275 1377 1375 1423 pro,

248 1420 365 1467 ducit
386 1421 716 1482 quadringentos
738 1420 1138 1480 oistogintaquatuor
1168 1423 1376 1483 pedaneas

252 1484 464 1527 mensuras
480 1515 490 1527 .
506 1484 595 1526 Hic
605 1493 747 1526 autem
768 1497 968 1526 numerus
979 1487 1217 1527 centenario
1229 1484 1374 1528 multi·

251 1543 446 1601 plicatus,
461 1542 569 1586 nihil
581 1540 693 1586 aliud
705 1542 939 1602 procreabit
950 1545 982 1600 ἐξ
995 1541 1374 1601 ςιιειάταὲίηῑειοᾶο

251 1603 367 1646 milia
385 1605 427 1646 &
442 1601 712 1661 offingentos
724 1601 951 1662 pedeS‚qu5
962 1599 1148 1646 diximus
1159 1601 1236 1646 effe
1251 1618 1374 1648 mena

249 1662 389 1706 suram
402 1666 536 1721 iugeri
547 1663 680 1706 nostri
693 1660 832 1705 medie
854 1665 1079 1720 temperati
1090 1692 1107 1716 ‚
1118 1673 1167 1706 vt
1176 1663 1372 1722 praeclare

253 1724 297 1765 ὃς
311 1724 522 1781 eleganter
548 1721 670 1766 docet
693 1720 873 1766 Budaeus
895 1725 940 1764 in
949 1721 1027 1765 ass'e
1038 1753 1049 1766 ,
1063 1722 1162 1766 Alia
1173 1723 1233 1767 est
1255 1738 1278 1766 a
1310 1721 1368 1767 ud

249 1785 322 1825 An
326 1784 420 1840 glos
433 1786 567 1841 iugeri
589 1780 791 1825 metiendi
812 1784 919 1824 ratio
931 1811 946 1836 ,
956 1781 1133 1825 authore
1145 1782 1258 1842 Poly
1290 1798 1369 1827 oro

249 1843 438 1901 Virgilio
451 1846 495 1886 in
506 1842 676 1886 historia
694 1841 1094 1899 AnglicaJugerum
1107 1843 1167 1885 illi
1181 1843 1368 1903 appellit

251 1918 359 1955 acre,
376 1919 461 1961 quo
475 1906 604 1946 etiam
615 1904 791 1945 nomine
802 1903 946 1944 vtfitur
955 1901 1088 1944 nostri
1100 1902 1369 1958 Abrincates‚

249 1961 362 2022 apud
376 1979 479 2020 quos
493 1967 532 2007 iu
537 1964 637 2020 gers]
650 1965 694 2005 in
706 1971 885 2017 quatuor
895 1972 1031 2020 partes
1042 1959 1365 2022 diuiditur‚quas

246 2027 429 2081 virgatas
441 2023 653 2084 appellant
667 2053 678 2066 .
693 2021 838 2066 Habet
848 2024 942 2064 aute
951 2023 1097 2080 iugerfi
1109 2023 1289 2082 Anglica
1298 2021 1361 2067 dis
