1436 2371
216 163 333 224 quod
344 173 440 208 ante
451 166 500 208 εὖ
516 165 765 209 Antoninus
777 163 879 209 Pius
889 163 1019 209 feciffe
1029 163 1198 224 legitur.
1214 164 1329 226 Qo

219 227 313 270 sane
329 223 544 269 erudimur
559 227 691 283 quam
714 226 939 284 vigilanter
955 228 996 269 &
1020 224 1166 271 exaite
1184 228 1330 272 nostra

217 296 339 329 aetate
358 285 526 329 vsuratfi
538 300 702 343 vorago
713 285 945 330 cohibenda
956 286 1080 330 foretz
1088 302 1222 344 quum
1235 302 1327 332 non

216 345 374 404 pudeat
384 349 497 389 viros
510 346 754 390 Christiano
765 351 943 390 nornine
953 348 1200 405 gloriantes,
1211 353 1255 391 in
1267 363 1328 407 pu

216 406 334 449 blicis
343 405 557 465 nundinis{
567 408 687 465 supra
699 405 967 451 centesimam
980 407 1146 453 vsuram
1167 407 1326 453 excessu

213 466 452 526 quadruplo
474 467 717 524 sesquisexto
738 467 881 510 foenus
900 483 1090 511 exercere
1102 498 1115 511 .
1129 473 1245 528 Qae
1260 484 1327 513 res

213 528 343 570 etiam
355 531 466 570 inter
489 526 713 581 Barbaros,
725 525 825 570 fidei
838 526 1090 572 Christianae
1110 538 1323 589 expertes,

212 585 466 646 praedonum
481 591 678 631 omnium
689 586 977 632 crudelitatem
988 589 1166 648 superat.
1177 591 1327 647 Atque

214 650 380 689 vtinam
391 661 479 690 non
491 646 543 690 ad
555 647 740 707 capitalis
752 651 1023 706 qua‘titatem‚
1038 663 1230 693 annuum
1242 651 1323 693 foea

213 720 293 750 nus
304 705 658 752 accederet.Nunc
668 705 722 751 ad
734 711 936 752 Seuerum
947 707 1179 753 redeamus.
1193 708 1326 754 Habe

213 766 286 810 bat
296 768 364 811 ille
374 783 397 811 a
409 767 588 819 consiliis
599 771 846 812 innumeros
867 769 1012 827 legalis
1031 769 1210 812 scientiae
1221 784 1323 829 pro,

211 838 389 883 cereS,vt
402 828 581 872 Paulum
586 830 648 881 ,δε
658 829 896 887 leianum
907 830 1043 880 scrinii
1053 829 1323 887 magistrum:

210 902 319 945 quos
330 887 480 932 ambos
491 888 608 932 fuisse
622 889 846 948 Papiniani
856 888 1057 932 affeffores
1068 887 1197 933 tradit
1209 892 1320 934 Lam

208 947 466 1007 pridiusznec
477 965 548 992 eos
558 949 693 992 solum
704 948 869 992 iustitiae
879 950 992 992 causa
1010 949 1085 993 suo
1093 948 1321 994 adhibebat

207 1010 327 1053 lateri
328 1012 627 1064 ,verumetiam
637 1024 734 1053 cum
745 1008 1320 1063 conuiuaretur,eruditorum

208 1068 423 1114 fruebatur
444 1070 674 1127 colloquio,
688 1082 733 1112 vt
745 1068 916 1113 haberet
935 1068 1095 1113 fabulas
1117 1070 1320 1126 litteratas,

207 1129 360 1189 quibus
372 1130 409 1173 se
420 1133 591 1174 recreari
606 1128 766 1173 dicebat
791 1130 834 1173 &
848 1130 971 1189 pasci.
985 1135 1136 1188 Qern
1148 1144 1317 1175 morem

205 1206 231 1233 a
243 1199 314 1233 tua
327 1191 542 1234 serenitate
562 1190 825 1235 obseruatum
836 1220 853 1245 ,
863 1188 1179 1233 clementissime
1198 1194 1317 1250 prin,

205 1264 304 1310 ceps
307 1249 405 1310 ,ipsi
416 1252 555 1294 sumus
565 1250 880 1310 experti.Nulla
892 1253 1009 1293 enim
1019 1248 1107 1293 dies
1118 1249 1315 1306 elabitur,

204 1313 250 1354 in
262 1325 343 1368 qua
353 1326 443 1355 non
455 1310 615 1355 erudita
625 1312 763 1369 aliqua
774 1309 916 1365 lestio,
933 1314 1059 1353 etiam
1077 1311 1120 1353 &
1141 1309 1315 1355 arrestis

204 1370 374 1416 auribus
390 1371 619 1415 astantibus
631 1371 830 1416 omnibus
840 1372 979 1415 aulicis
991 1374 1100 1414 inter
1110 1372 1252 1430 epulas
1262 1372 1312 1415 αἳ

205 1446 369 1490 magno
380 1431 515 1475 filetio
534 1442 692 1475 attente
705 1448 753 1475 ac
762 1431 986 1489 diligenter
996 1446 1021 1475 a
1039 1441 1111 1474 tua
1122 1431 1310 1475 maiestaa

205 1502 249 1535 te
263 1490 453 1536 audiatur
465 1524 475 1536 .
491 1498 648 1552 Qum
670 1492 768 1535 tales
784 1495 898 1535 viros
918 1493 1038 1549 regio
1056 1491 1177 1534 lateri
1191 1489 1310 1535 adhis

204 1551 367 1606 bendos
380 1554 611 1596 Mammeae
627 1551 893 1612 prouidentia
915 1553 1133 1606 curauerit,
1147 1548 1310 1595 addunt

204 1610 258 1656 ad
275 1611 351 1669 hec
360 1614 554 1657 nonnulli
569 1613 641 1656 scri
644 1623 785 1671 ptores
787 1642 804 1666 ,
815 1609 930 1669 quod
941 1612 1112 1655 ascitum
1124 1610 1199 1654 fibi
1209 1613 1307 1655 Orio

202 1688 357 1730 genem
370 1675 513 1718 fauore
522 1677 674 1717 iuuerit
687 1675 729 1716 &
743 1671 1050 1731 opibuszideoq3
1062 1670 1191 1714 caussa
1208 1672 1308 1728 fuit,

203 1743 253 1775 vt
271 1732 324 1777 ad
336 1734 625 1793 posteritatem
635 1732 814 1791 insignia
835 1736 921 1776 eius
933 1747 1059 1792 opera
1070 1729 1306 1791 prodirent.

205 1797 421 1852 roirca
439 1809 527 1838 non
539 1797 756 1837 immerito
766 1791 818 1836 cle
829 1792 910 1836 hoc
920 1790 1165 1837 Alexandro
1176 1791 1305 1836 tradit

202 1853 536 1914 lampridius‚5p
548 1858 591 1897 in
604 1864 785 1897 matrem
798 1854 1064 1896 Mammeam
1075 1855 1194 1895 vnice
1204 1855 1304 1912 pius

199 1914 400 1958 fueritzita
411 1925 457 1958 vt
469 1915 617 1970 Rome
627 1918 671 1957 in
685 1915 840 1974 palatio
850 1915 998 1957 faceret
1007 1912 1148 1956 diaetas
1158 1917 1300 1957 nomia

200 1977 265 2016 nis
278 1975 562 2032 Mammee‚&
578 1979 621 2019 in
635 1976 796 2019 Baiano
807 1974 1012 2033 palatium
1024 1988 1119 2017 cum
1130 1972 1300 2031 stagno,

198 2033 314 2092 quod
328 2036 558 2081 Mammeae
575 2039 754 2080 nomine
764 2035 983 2080 cEseturAEt
992 2036 1085 2080 talis
1097 2045 1184 2078 erat
1194 2034 1296 2079 Ales
