1436 2371
508 25 593 74 κζ(
622 25 755 76 fici:
1159 45 1219 96 3,-

94 135 227 185 taduo
245 133 446 183 totonata
466 152 565 183 cum
588 137 732 183 solidis
750 137 926 198 triginta
936 134 950 183 Ζ
978 135 1120 200 Qod
1141 155 1215 187 aua

93 209 185 245 tem
199 216 250 244 eo
270 199 361 261 ipso
381 199 477 243 loco
489 200 645 258 legitur
655 199 796 244 oblata
806 198 924 245 fuiffe
945 204 1038 244 aeris
1057 201 1217 249 talenta

92 259 240 306 decem
256 261 301 305 &
315 258 415 305 osto
438 261 571 305 millia
580 291 598 316 ‚
620 260 720 305 ferri
742 275 914 320 quoque
925 272 1096 307 centum
1109 264 1215 321 mila

92 322 172 376 lio,
183 320 307 366 huius
319 320 517 366 immenfi‘
534 335 645 382 pene
663 320 868 383 ponderis
887 322 1215 371 aestimationem

89 382 318 442 colligem⁹
332 384 460 444 paulo
471 383 566 444 plus
580 382 772 428 minusve
781 385 827 426 in
838 381 1022 442 singulas
1037 395 1110 430 aut
1119 388 1215 431 aeris

91 453 165 487 aut
176 444 275 487 ferri
287 443 412 489 libras
425 442 560 489 solido
571 441 791 503 designato
809 443 943 488 .Cum
954 447 1072 489 enim
1094 450 1214 492 mina

92 503 305 549 HebraIca
314 503 415 549 duas
428 505 553 550 libras
564 520 611 549 ac
620 504 826 549 semissem
835 507 1068 562 contineat,
1079 521 1125 550 ac
1136 521 1214 554 cen

89 573 185 608 tum
202 564 319 609 libris
331 581 382 610 ex
392 569 510 627 prius
529 575 742 610 conuento
752 564 1029 628 respondeant
1040 577 1214 611 centum

88 623 237 680 solidi,
248 625 316 670 seu
332 625 610 688 quinq311'brae
621 630 812 684 turonicg
824 657 840 682 ,
851 630 1046 687 primum
1060 627 1213 671 statues

89 698 188 729 mus
198 689 402 746 quingeta
412 690 648 746 nonaginta
669 688 803 732 millia
812 687 1016 732 librarum
1037 691 1213 746 turoni?

84 759 231 790 carum
245 765 256 790 z
270 764 358 807 quo
376 763 557 793 numero
569 746 786 808 duplicato
796 746 976 793 euadent
988 749 1107 792 mille
1116 763 1214 792 cena

85 815 182 850 tum
197 806 421 867 ostoginta
433 810 567 853 millia
579 808 798 854 hbrarumz
811 811 878 853 cui
888 823 1038 853 aceruo
1049 806 1180 853 adiun
1197 827 1214 849 ο

83 866 224 926 genda
235 869 295 913 est
306 869 513 914 medietas
534 872 689 930 prioris
700 872 870 914 numeri
882 883 998 913 ,nam
1010 870 1129 913 mina
1140 869 1210 913 (ὅσ

83 930 192 972 tinet
203 927 305 974 duas
316 930 443 975 libras
463 932 507 975 δε
527 929 730 974 semifl'em
744 961 760 984 ‚
776 932 819 974 &
838 927 938 973 inde
947 929 1120 988 colliges
1131 927 1209 974 duo

81 999 203 1033 centa
213 992 644 1050 nonagintaqul'nque
653 991 959 1048 millia.81'cque
969 990 1136 1034 summa
1147 1005 1207 1036 nu

83 1054 322 1095 metatione
332 1051 482 1097 cuadet
491 1067 574 1112 pro
584 1055 716 1097 totius
727 1054 824 1096 aeris
842 1065 888 1095 ac
899 1052 998 1096 fetri
1018 1050 1178 1094 aestima
1190 1070 1207 1091 o

81 1112 202 1154 tione
210 1112 352 1165 ,valor
364 1115 488 1156 vnius
502 1113 578 1155 mil
583 1113 708 1155 lionis
718 1110 1129 1170 quadringentarum
1151 1111 1209 1154 seo

84 1174 503 1230 ptuagintaquinque
525 1172 715 1216 millium
746 1171 952 1217 librarum
976 1173 1169 1214 turonica
1191 1190 1210 1212 o

84 1245 301 1291 rumzquae
311 1231 368 1277 ad
380 1233 461 1276 hfic
470 1247 700 1276 numerum
712 1229 1035 1289 redasta‚aliqua
1047 1246 1098 1274 ex
1109 1245 1206 1291 para

83 1300 128 1336 te
149 1303 308 1352 augent
318 1296 519 1338 omnium
532 1293 713 1352 Regum
740 1293 813 1336 suo
834 1302 1033 1352 tempore
1051 1289 1178 1336 ditisfi'
1190 1312 1208 1334 o

83 1355 150 1402 mi
167 1354 409 1398 Salomonis
421 1368 527 1414 opes
538 1385 554 1409 ,
571 1369 664 1412 quae
677 1355 806 1397 etiam
819 1356 864 1396 in
876 1352 954 1395 hac
975 1355 1069 1396 aen's
1088 1353 1205 1397 ferriz
1239 1355 1243 1359 '

81 1412 167 1470 que
182 1418 358 1459 materia
370 1414 482 1458 hunc
494 1415 699 1458 calculum
711 1415 840 1472 longe
849 1412 1070 1473 superabat
1081 1431 1093 1457 ε
1105 1429 1204 1459 cum

81 1473 287 1535 scriptum
299 1476 489 1534 legamus
500 1490 638 1534 neque
647 1478 739 1518 aeris
749 1489 889 1532 neque
909 1474 1008 1519 fetri
1034 1473 1206 1534 pondus

79 1534 390 1595 comprehendi
407 1535 538 1595 poffe,
550 1535 931 1580 aestimationemve
951 1545 1023 1578 aut
1043 1549 1175 1578 nume
1187 1554 1203 1576 2

7 1598 14 1601 “
81 1607 194 1639 rum.
269 1597 365 1640 Iam
375 1610 605 1656 pergamus
616 1595 669 1641 ad
680 1597 838 1656 reliqua
859 1597 951 1641 auri
971 1609 1204 1641 enumeran

70 1652 137 1700 'da
148 1657 319 1701 talenta.

142 1717 314 1761 Decem
327 1716 463 1760 millia
474 1747 490 1771 ,
503 1716 570 1761 seu
584 1720 745 1774 myrias
757 1716 1017 1761 talentorum
1029 1720 1121 1761 auri
1139 1720 1204 1762 mi

80 1790 235 1822 narum
257 1777 566 1822 Hebraicarum
576 1778 719 1822 valent
743 1781 1000 1836 quingentos
1022 1789 1203 1837 quatuor

81 1839 296 1882 milliones
307 1854 353 1882 ac
368 1836 545 1883 ducenta
567 1839 701 1882 millia
712 1839 926 1882 ‘librarum
939 1841 1198 1893 turonicatfi,

80 1909 281 1943 coronata
291 1914 395 1942 vero
415 1896 617 1943 ducentos
639 1903 975 1958 trigintanouem
988 1900 1203 1943 milliones

85 1960 132 2003 δι
158 1962 468 2018 quinquaginta
479 1960 628 2015 millia,
641 1961 760 2021 super
787 1959 874 2003 haec
893 1957 1070 2003 ducenta
1082 1957 1199 2003 οὲὶοο

83 2022 397 2082 gintaquinque
426 2031 627 2067 coronata
648 2034 746 2066 curn
762 2022 1108 2124 vigintiquinque
1129 2021 1171 2064 so
1184 2038 1200 2062 ε

978 2094 1024 2132 111
