1436 2371
473 31 506 66 n
522 34 552 65 A
583 32 617 65 ’r
640 16 719 65 io}
1113 16 1199 77 '44‘

90 119 229 181 Qod
238 119 271 164 si*
284 134 433 166 verum
443 121 633 177 est,idem
644 122 754 166 foret
763 119 881 182 hyda
891 118 1003 182 apud
1017 121 1204 180 Anglos,

84 180 200 238 quod
212 183 404 226 mansum
414 181 525 242 apud
536 184 834 228 iureconsultos
843 213 861 239 ,
872 186 988 228 cuius
997 179 1202 242 significae

83 244 148 285 tio
159 258 262 285 mox
275 241 499 302 aperienda
510 243 582 288 est.
646 262 649 265 ⁴

174 330 374 375 Mansum
384 333 578 377 nonnulli
589 342 746 378 terram
763 330 838 376 effe
863 330 1090 377 asseuerant
1116 334 1200 380 cula

84 397 188 433 turae
197 403 346 436 annuae
359 396 480 437 vnius
491 396 614 438 aratri
627 393 931 453 capacem.A11'‘i,
949 393 1098 437 volunt
1108 405 1201 439 tana

0 454 16 487 ’i
84 458 179 493 tum
201 455 292 509 agri
314 456 771 511 continere,quant'um
790 456 866 496 vni
891 453 1062 496 familiae
1081 454 1203 498 rustia

14 534 15 543 κ
85 522 199 553 canae
211 511 367 555 alendae
377 523 472 557 toto
483 529 596 557 anno
608 514 791 558 sufficere
802 511 926 573 possit
940 545 950 556 .
966 515 1028 557 Ex
1041 529 1126 571 quo
1139 518 1202 558 ina

87 571 222 629 telligi
233 573 370 632 potest
382 574 575 618 mansum
598 572 906 618 ecclesiasticum
932 571 985 617 ad
1007 589 1101 617 eam
1111 577 1206 632 agri

12 631 14 635 ‘
85 635 367 686 quantitatem
382 632 551 678 extendi
570 664 583 687 ,
606 649 698 692 quae
719 635 798 679 suae
810 631 981 679 ecclesiae
1000 634 1205 683 ministris

0 724 13 746 ,1
83 689 285 737 alimenta
303 692 566 754 suppeditare
577 694 719 756 possit.

145 786 345 831 Mansum
356 798 501 832 autem·
515 798 605 832 tam
618 788 761 846 legum
773 785 906 844 quam
921 801 1131 831 canonum
1148 801 1204 832 au

83 842 285 891 thoritate
307 848 359 892 ab
372 852 494 892 omni
509 848 670 892 tributo
699 851 940 892 immunem
958 849 1000 890 Sc
1024 847 1203 892 liberum

84 905 163 949 effe
173 918 360 966 oportet.
377 914 483 967 Qa
493 907 546 952 de
556 925 601 953 re
612 909 809 968 scriptum
823 908 976 966 legitur
986 911 1031 950 in
1044 911 1201 967 capitua

82 965 128 1009 lo
141 967 952 1026 Sancttum‚vigesimatertia‚quaestione
961 966 1204 1021 o&aua‚vb1'

84 1028 143 1068 ita
156 1028 321 1084 legitur:
335 1030 550 1073 Sancitum
564 1029 622 1072 est
634 1038 680 1070 vt
691 1031 913 1084 vnicuique
922 1027 1082 1084 ecclesie
1093 1042 1203 1072 vnus

83 1086 252 1131 mansus
270 1092 434 1147 integer
461 1089 611 1147 absque
634 1089 673 1131 vl
679 1089 720 1133 lo
742 1089 907 1131 seruitio
927 1088 1174 1133 attribuatur
1183 1118 1202 1143 ,

86 1147 132 1190 &
148 1147 386 1206 presbyteri
397 1153 440 1192 in
452 1152 509 1192 eis
521 1149 734 1192 constituti
736 1162 844 1203 ,non
855 1146 907 1191 de
917 1146 1109 1202 decimis,
1126 1163 1197 1191 nes

80 1221 163 1263 que
173 1205 226 1251 de
236 1208 519 1253 oblationibus
532 1207 719 1253 fidelium
733 1239 747 1263 ,
759 1222 895 1266 neque
922 1205 974 1251 de
984 1206 1203 1264 domibus,

81 1269 201 1318 atriis
228 1268 293 1312 vel
306 1268 440 1312 hortis
456 1272 572 1313 iuxta
595 1267 800 1313 ecclesiam
815 1266 958 1327 positis
971 1299 986 1322 ‚
998 1283 1133 1326 neque
1148 1267 1203 1312 de

81 1328 323 1388 praescripto
335 1330 480 1373 manso
501 1328 672 1387 aliquod
694 1329 908 1372 seruitium
929 1329 1082 1372 faciant
1091 1344 1200 1389 praea

81 1396 146 1430 ter
156 1387 483 1433 ecclesiasticum.
499 1391 600 1433 Hoc
611 1400 735 1449 caput
749 1387 912 1432 tametsi
924 1388 1050 1448 paleae
1062 1390 1199 1435 inseris

79 1450 279 1505 ptionem
299 1448 438 1493 subeat
449 1480 465 1503 ,
477 1451 640 1494 versum
662 1462 805 1493 tamen
827 1449 940 1491 estin
951 1454 1200 1507 granum71'n

82 1509 268 1566 capitulo
279 1512 424 1568 primo
439 1508 491 1553 de
502 1508 687 1554 censibus
702 1511 745 1552 &
760 1506 1044 1563 exafflonib9,
1056 1524 1142 1565 quo
1155 1509 1199 1553 10

81 1571 132 1608 co
144 1566 291 1611 eadem
308 1569 432 1611 verba
444 1586 495 1612 ex
507 1570 686 1612 concilio
697 1567 810 1628 apud
822 1570 1099 1613 Vormaciam
1112 1581 1194 1613 traa

81 1624 208 1672 dusta
219 1658 235 1682 ,
248 1640 493 1688 repetuntur
512 1661 523 1672 .
538 1629 647 1673 Illud
667 1629 845 1688 superest
856 1629 1058 1672 aestimare
1067 1645 1197 1688 quan:

79 1695 176 1730 tum
191 1692 282 1746 agri
293 1690 460 1732 culturae
471 1704 620 1733 annuae
642 1694 763 1733 vnius
774 1693 899 1733 aratri
910 1690 1094 1733 sufficere
1104 1692 1196 1750 pos}

79 1745 132 1789 fi't
147 1779 158 1790 .
180 1748 372 1792 Tametsi
382 1753 499 1792 enim
523 1754 719 1808 iugerum
739 1748 890 1793 diurna
901 1750 1059 1793 cultura
1072 1749 1196 1810 perfi'z

79 1810 162 1850 ciat
179 1837 193 1861 ‚
210 1808 304 1852 sunt
324 1820 467 1852 tamen
492 1814 535 1852 in
553 1825 666 1853 anno
677 1810 852 1870 plurimi
863 1809 914 1852 ab
926 1814 1047 1852 omni
1057 1810 1199 1854 labore

78 1869 292 1913 immunes
307 1902 317 1913 .
331 1868 582 1914 Videndum
595 1885 697 1928 ergo
709 1870 922 1927 quousque
935 1869 1194 1929 progredien

79 1924 186 1972 dum
210 1927 260 1975 sit
291 1934 337 1975 in
358 1929 491 1975 mansi
513 1934 636 1975 vnius
659 1928 930 2032 designandaf
945 1934 1194 1998 quantitate.

956 2004 1017 2041 ιιι]
