1436 2371
464 32 500 67 ι
514 32 547 68 A
562 32 594 68 τ
606 21 627 69 ι’
640 19 700 69 0:
995 31 997 34 ·
1032 22 1095 70 Ξῖ

47 135 169 182 Chus
178 130 299 191 veio,
311 141 360 179 vt
369 131 489 195 supra
500 132 740 189 docuimus,
753 130 879 179 hahet
890 130 1086 178 sextarios
1097 132 1167 178 sex

44 201 231 243 Atticos:
244 211 330 255 quo
342 193 393 239 fi't
404 204 451 239 vt
462 194 539 239 hin
551 195 703 239 habeat
714 193 939 238 duodecim
952 194 1171 251 sextarios,

45 259 93 302 &
104 255 288 302 totidem
310 256 449 314 logim
464 287 474 298 .
489 257 586 313 Log
596 258 713 315 enim
726 255 784 299 est
797 253 1048 300 duodecima
1070 269 1170 315 pars

38 316 117 361 hin
131 349 144 362 .
164 318 238 361 De
249 316 327 361 hac
339 316 531 360 mensura
558 315 759 375 Iosephus
782 318 841 359 ita
861 314 1035 359 tradidit
1050 335 1062 361 2
1077 318 1170 359 Lex

37 381 165 437 praeci
198 380 233 420 it
253 380 300 420 in
309 376 488 437 publicis
498 376 755 436 priuatisque
764 373 971 426 sactificijs
987 377 1170 421 farinam

39 452 148 482 mun
187 441 192 446 '
227 440 364 481 imam
387 437 554 480 offerri.
573 438 626 480 In
636 450 751 494 agno
761 434 894 487 assatij
907 437 1169 492 mensuram,

37 499 84 541 in
96 501 225 542 ariete
235 496 486 552 duorum‚in
497 506 619 540 tauro
630 499 776 539 trium.
784 497 826 538 &
841 495 982 539 statim
995 498 1171 542 aitzolei

39 557 305 602 oblationem
327 557 381 600 ab
403 555 730 600 immolantibus
741 559 787 599 in
801 555 910 599 boue
922 554 997 598 hin
1009 555 1173 600 medie&

38 625 173 661 tatem
183 648 200 672 ‚
212 620 258 660 in
281 621 409 662 ariete
431 620 603 663 tertiam
618 647 632 669 ‚
643 626 837 675 quartam
852 631 953 659 vero
976 618 1021 658 in
1034 631 1168 674 agne.

38 678 138 721 Hin
148 687 292 722 autem
318 678 511 721 mensura
534 676 820 720 Hebraeorum
843 679 1018 734 antiqua
1039 676 1168 722 choas

36 735 144 781 duos
157 741 306 798 recipit
319 770 331 782 .
349 739 456 782 Haec
469 739 490 780 Ι
494 736 899 797 osephuS.Meminit
911 736 1035 781 huius
1049 751 1169 781 menn

35 797 138 842 surae
155 797 349 842 Ezechiel
374 796 849 856 quadragefimoquinto
861 827 877 852 ,
895 795 1037 840 dicens
1063 799 1168 841 offe=

36 857 218 902 rendum
244 857 320 902 effe
343 859 426 902 olei
436 858 513 902 hin
534 873 615 919 pto
631 857 803 916 singulis
825 857 925 918 ephi
946 888 955 900 .
971 860 1038 900 Sic
1051 855 1101 901 fi't
1121 869 1170 901 vt

39 918 154 962 sexta
165 930 284 978 parte
295 923 438 963 minus
461 920 662 963 offeratur
683 920 766 962 olei
789 921 922 976 quam
932 921 1060 961 tritici
1074 950 1084 961 .
1100 921 1169 963 Sic

39 978 271 1023 Ezechielis
282 979 735 1039 quadragefi‘mosexto.
751 981 803 1023 Et
824 980 944 1022 faciet
969 977 1168 1023 sacrificiu·

38 1038 162 1098 super
183 1055 235 1083 eo
256 1056 381 1084 mane
404 1056 529 1084 mane
539 1071 555 1095 ,
568 1039 610 1083 id
625 1040 683 1083 est
693 1055 768 1100 per
780 1038 943 1097 singula
955 1054 1096 1093 mane,
1109 1040 1168 1082 seo

43 1108 164 1143 xtam
177 1110 345 1159 partem
357 1100 524 1160 ephi‚&
539 1100 591 1144 de
603 1102 700 1143 oleo
714 1103 883 1144 tertiam
896 1110 1061 1159 partem
1072 1100 1168 1145 hin.

39 1159 129 1203 Hic
153 1164 275 1204 tertia
301 1171 421 1221 parte
432 1164 574 1205 minus
599 1160 775 1205 offertur
798 1160 879 1205 olei
898 1162 1029 1216 quam
1055 1163 1160 1204 tritit

38 1223 89 1262 ci·
106 1221 314 1264 Meminit
325 1224 454 1265 etiam
466 1221 657 1265 Ezechiel
668 1221 790 1264 sextae
803 1222 935 1279 partis
952 1217 1027 1261 hin
1045 1250 1060 1273 ,
1072 1235 1165 1278 quae

103 1278 289 1326 duorum
301 1282 438 1339 logim
450 1312 467 1336 ‚
480 1284 617 1341 capite
627 1296 769 1338 quaret
788 1284 963 1338 Aquam
983 1281 1029 1321 in
1043 1294 1162 1323 mem

51 1349 127 1383 ura
138 1339 253 1385 bibes
264 1342 423 1385 sextam
445 1352 613 1401 partem
630 1340 705 1384 hin
718 1373 728 1384 .
743 1342 805 1384 Ex
819 1355 905 1397 quo
917 1337 1154 1398 deprehen:

34 1398 150 1443 ditur
171 1416 307 1445 vnum
317 1402 391 1459 log
415 1402 480 1445 seu
502 1402 728 1448 sextarium
750 1403 946 1445 Atticum
969 1399 1159 1458 designa·

36 1463 73 1502 ri
87 1473 167 1517 pro
181 1459 362 1520 prandio
374 1491 390 1516 ‚
407 1463 449 1504 &
465 1477 602 1505 vnum
615 1476 696 1520 pro
707 1474 844 1504 coena.
868 1458 1009 1517 Quod
1023 1464 1165 1504 mania

37 1519 191 1563 festum
221 1521 281 1564 est
304 1537 357 1564 ex
370 1518 581 1580 praedistis
597 1552 607 1564 .
623 1523 720 1579 Log
742 1523 859 1563 enim
882 1520 941 1563 est
965 1518 1161 1563 duodecia

38 1593 111 1623 ma
122 1594 220 1639 pars
234 1580 312 1624 hin
323 1612 340 1636 ,
355 1583 467 1624 sexta
478 1596 580 1624 vero
604 1580 711 1624 duos
732 1581 871 1637 Iogim
882 1580 1141 1639 comprehen
1150 1601 1167 1622 ρ

36 1638 214 1683 dit.Iam
226 1651 370 1685 autem
383 1640 661 1700 probauimus
673 1642 747 1698 log
764 1642 808 1683 8c
824 1640 1049 1684 sextarium
1064 1643 1164 1686 Atti

37 1714 137 1744 cum
147 1699 225 1744 effe
235 1701 517 1760 equales.Hac
530 1715 650 1744 more
663 1700 752 1744 affis
766 1702 914 1759 partiri
926 1700 1162 1760 possumus,

37 1764 98 1804 ita
109 1770 155 1803 vt
166 1761 240 1819 log
251 1761 451 1806 habeatur
461 1776 543 1821 pro
566 1765 685 1804 vncia
702 1779 713 1804 t
732 1764 804 1818 qui
831 1775 927 1803 cum
956 1758 1006 1803 sit
1033 1762 1164 1805 sexta·

39 1823 105 1863 rio
117 1822 263 1865 Attico
282 1822 586 1880 symmeter,ex
612 1822 676 1864 his
697 1837 789 1879 quae
800 1823 845 1863 in
858 1821 1035 1864 sextario
1047 1820 1159 1866 dicta

40 1880 134 1923 sunt
160 1910 178 1935 ,
201 1881 363 1940 liquido
388 1882 550 1926 constat
576 1880 814 1925 Paril'inum
847 1879 923 1923 effe
952 1886 1160 1925 maiorem

44 1937 145 1985 osto
157 1943 357 2000 vncijs‚&
371 1939 529 1987 duabus
540 1940 876 1987 drachmis.nam
889 1940 1086 1986 sextarius
1101 1943 1162 1987 Pa

869 2016 891 2043 c
934 2015 998 2052 ιιι]
