1436 2371
337 69 580 106 MENSVR
604 67 783 101 ARvm
832 67 907 100 Ac
956 62 1301 101 PoNDERVM

262 171 430 214 Verum
440 165 547 210 nihil
558 163 757 225 prohibet
779 164 1003 208 sextarium
1023 162 1208 220 aliquem
1229 159 1381 204 consti,

264 240 379 273 tuere
392 259 407 283 ,
422 230 494 284 qui
518 225 618 269 duas
640 229 687 268 in
698 226 736 268 se
747 225 907 283 cotylas
928 227 1064 284 capiat
1075 225 1292 280 georgicas
1304 251 1321 276 ,
1333 230 1383 263 vt

267 303 387 340 aequa
404 289 583 330 seruetur
593 288 640 328 in
652 287 718 328 his
730 284 966 329 minoribus
979 283 1182 327 mensuris
1192 283 1318 335 linea,
1335 282 1382 324 δε

266 350 290 390 a
306 346 430 390 simili
441 361 517 406 per
527 360 675 389 omnes
687 348 821 406 capite
831 342 1159 388 ordiamurflas
1170 356 1318 385 omnes
1329 338 1384 385 ad

265 412 396 450 vnam
413 404 656 466 descripfiffe
673 405 947 464 Cleopatram
962 404 1190 447 foeminam
1202 431 1219 456 ‚
1230 400 1382 447 author

267 467 328 510 est
339 467 538 525 Agricola
551 485 562 509 ι
577 469 691 509 cuius
711 468 771 508 rei
793 462 896 508 fides
917 462 969 506 fit
989 477 1119 523 penes
1139 461 1383 505 authorem,

268 528 413 570 Huius
423 530 523 585 itacss
549 525 785 585 Cleopatrae
805 523 1105 568 authoritatem
1117 522 1264 576 secuti,
1281 519 1387 565 illud

266 587 547 646 supponimus
559 615 575 638 ‚
593 585 782 643 cotylem
806 585 970 635 sextarii
981 585 1116 626 Attici
1126 591 1208 624 tres
1219 591 1388 639 quartas

269 649 316 688 in
328 647 365 688 se
387 649 569 703 recipere
580 675 591 687 .
607 651 763 703 Qum
774 648 905 703 igitur
919 644 1116 686 sextarius
1137 643 1305 685 Atticus
1315 639 1385 685 dez

269 720 365 748 cem
377 707 420 748 &
436 703 535 748 ofto
547 708 687 748 vncias
699 707 852 764 capiat,
867 705 1047 762 sequitur
1058 702 1246 760 cotylem
1262 716 1387 759 geors

269 769 411 824 gicam
423 765 572 808 libram
587 779 717 807 vnam
733 766 776 807 &
800 764 1045 807 sescunciam
1056 760 1389 821 comprehenda

270 824 416 880 re,hoc
426 825 485 869 est
496 822 696 867 tredecim
706 828 847 869 vncias
859 839 955 868 cum
965 822 1136 867 semisse:
1149 836 1279 879 quam
1289 836 1389 865 cum

268 885 465 928 sextarius
477 883 640 944 duplet,
655 885 834 942 sequitur
846 884 958 927 hunc
972 885 1197 927 sextarium
1218 886 1389 940 georgia

270 959 368 987 cum
382 944 577 988 bilibrem
590 944 669 987 effe
685 974 702 998 ‚
718 946 760 987 &
775 946 895 1004 super
906 944 993 987 haec
1007 947 1140 987 trium
1150 945 1390 987 vncl'arum.

274 1004 406 1062 Capit
415 1007 547 1062 igitur
558 1002 660 1047 duas
672 1003 798 1047 libras
810 1019 907 1048 cum
920 1002 1165 1062 quadrante.

335 1063 495 1122 Cotyle
516 1064 681 1115 sextarii
697 1062 899 1107 medietas
917 1063 1070 1107 libram
1085 1065 1128 1107 &
1142 1062 1391 1107 sescunciam

272 1125 318 1164 in
341 1125 531 1168 mensura
553 1127 706 1167 retinet
716 1154 732 1177 ,
756 1126 799 1167 &
813 1123 1044 1183 oxybapha
1068 1133 1248 1182 quatuor
1260 1127 1387 1183 capit.

335 1182 631 1243 Oxybaphum
643 1184 701 1226 est
712 1183 1020 1242 sesquicyathus
1031 1215 1049 1240 ,
1064 1194 1147 1227 tres
1158 1186 1326 1240 vncias,
1341 1186 1387 1229 &

272 1239 491 1286 drachmas
505 1242 688 1286 totidem
699 1246 919 1302 accipiens.

335 1302 528 1360 Cyathus
541 1303 702 1361 mystra
713 1314 892 1359 quatuor
900 1303 1044 1358 habet,
1056 1301 1237 1347 duarum
1248 1306 1387 1348 vnci22
1426 1298 1431 1302 ’

272 1376 369 1405 rum
386 1364 428 1403 &
440 1362 620 1405 totidem
630 1361 926 1407 drachmarum
941 1377 1089 1422 capax.

336 1421 553 1479 Mystrum
567 1423 759 1468 mensura
770 1425 814 1465 in
826 1426 1036 1481 georgicis
1048 1423 1274 1467 nouissima
1290 1421 1382 1468 dra:

272 1480 415 1524 chmas
427 1492 605 1538 quatuor
615 1479 884 1541 dimidiamcp
896 1485 1174 1526 retinet.Sunt
1181 1499 1288 1541 ergo
1297 1483 1384 1527 istae

273 1541 413 1583 mensu
420 1556 472 1582 rae
482 1540 534 1584 ad
545 1540 622 1583 fibi
641 1540 936 1601 respondentes
947 1545 1110 1586 Atticas
1121 1543 1386 1600 sesquialterae

270 1603 446 1702 raltiogis
458 1618 470 1644 ε
484 1599 598 1659 quod
609 1612 760 1644 mutuo
770 1602 860 1646 illas
871 1600 1126 1646 conferendo
1136 1604 1334 1660 colligere
1344 1606 1383 1649 fa

271 1675 307 1702 cl
326 1676 347 1702 C
358 1676 378 1702 Ε
399 1685 429 1702 ι»

333 1719 525 1778 Superest
545 1733 774 1776 graecarum
799 1720 1087 1768 mensurarum
1108 1721 1381 1769 nouissimum

273 1777 465 1822 ordinem
478 1780 697 1839 explicare.
