1436 2371
0 0 15 28 ,2

0 186 11 249 [A

505 30 720 81 ιιΑτέοζ
1043 36 1111 96 γε

62 141 412 204 gestesquinquies
423 141 540 185 mille
549 140 759 188 ducentas.
771 141 854 188 hoc
861 145 1066 190 talentum
1077 142 1181 189 duo,

62 203 203 248 decim
214 203 397 246 millium
407 199 702 246 drachmarum
713 203 825 246 misit
836 203 960 249 Iudas
977 204 1179 249 Hierosoo

0 280 9 301 ’τ
61 263 230 322 lymam
253 262 394 305 offerri
415 276 495 322 pro
503 265 692 365 fficccatis
714 273 998 309 mortuorum.
1014 263 1181 310 secundi

0 331 2 334 ’
63 321 407 368 Machabaeorum
416 320 500 366 duo

532 335 683 366 emmo,

125 382 313 426 Talentii
326 382 584 425 Hebraicum
596 385 728 426 maius
731 382 816 436 ,seu
827 387 1083 427 centenarius
1096 388 1176 429 mi·

60 443 165 485 narsi
180 441 574 496 Hebraicarfi,m1·na
584 440 637 485 ad
648 443 857 500 sexaginta
868 440 983 485 siclos
994 442 1177 500 redafta,
1195 455 1198 462 “

61 499 151 544 diui
163 501 388 545 Ezechielis
407 499 653 545 au&oritate
671 506 728 546 ita
738 498 1028 545 constituendi}
1040 504 1118 558 est,
1131 515 1179 547 vt

0 557 3 583 ³
62 564 179 622 prius
189 559 374 605 dicamus
385 565 504 604 mini
515 564 724 619 sexaginta
735 560 852 606 siclos
866 561 1017 605 habere
1026 592 1043 617 ,
1055 566 1177 606 centii

0 635 1 657 i
61 623 218 678 viginti
228 619 706 676 didrachma,drachmas
717 637 819 665 vero
829 619 994 665 ducetas
1005 621 1177 681 quadra·

65 677 202 738 ginta.
217 682 317 724 Hoc
327 692 443 739 patet
454 681 485 724 si
496 682 805 740 sexagenarium
824 696 1051 725 numerum
1062 681 1176 727 ficloa

62 754 161 784 rum
171 743 287 800 prius
299 740 350 785 ad
371 739 551 801 duplum
562 771 578 796 ,
593 740 743 785 deinde
765 744 927 785 auxeris
937 740 989 784 ad
999 741 1176 799 quadrua

60 799 184 860 plum
201 832 212 844 .
229 802 322 845 Iam
334 800 364 844 si
375 800 536 859 singula
545 805 781 845 centenario
797 803 976 855 auxeris,
989 805 1177 846 inuenies

62 856 287 904 duodecim
300 863 415 905 milia
425 860 681 916 didrachma,
695 860 988 906 drachmarum
1001 876 1101 904 vero
1112 865 1175 904 via

63 923 355 979 gintiquatuor
367 922 625 981 millia.Qo
635 921 682 965 fit
693 933 739 965 vt
750 937 829 982 pro
841 920 1065 980 explorida
1075 936 1175 981 proz

61 984 263 1038 portione
274 980 326 1026 ad
336 982 414 1026 alia
423 981 745 1036 talenta‚habeat
755 985 960 1025 rationem
972 996 1100 1039 quam
1112 985 1175 1025 viz

63 1042 357 1099 gintiquatuor
366 1041 522 1085 habent
532 1041 584 1085 ad
599 1043 682 1095 sex,
693 1056 773 1102 pro
787 1041 943 1084 talento
955 1044 1101 1085 Attico
1112 1045 1175 1085 mi

63 1113 170 1142 nore
179 1115 271 1158 quae
282 1101 341 1144 est
358 1099 601 1161 quadrupla.
612 1112 790 1159 quatuor
800 1104 938 1158 itaque
948 1102 1101 1144 talenta
1112 1104 1176 1144 mi

63 1172 170 1203 nora
182 1162 323 1204 Attica
333 1162 514 1220 implent
523 1175 656 1204 vnum
670 1161 942 1204 Hebraicum.
962 1161 1037 1203 De
1050 1160 1175 1219 Baby

63 1218 183 1262 Ionio
198 1235 299 1264 vero
310 1220 418 1265 istud
429 1218 662 1264 tenendum
672 1219 790 1280 estfly
802 1235 899 1263 cum
909 1230 1053 1278 quater
1063 1221 1175 1279 septe

64 1278 321 1337 vigintiosto
331 1281 781 1338 constituant‚quatuor
791 1283 920 1338 igitur
937 1279 1170 1338 Babylonia

63 1353 111 1383 ca
121 1341 302 1399 implent
315 1341 574 1385 Hebraicum
595 1341 800 1384 talentum
820 1354 917 1383 cum
926 1339 1035 1383 sexta
1056 1350 1177 1399 parte

64 1398 250 1443 eiusdem
262 1401 462 1444 Hebraici
482 1401 643 1444 talenti.
706 1399 815 1443 Illud
827 1414 994 1456 quoque
1004 1400 1176 1458 sequens

65 1459 126 1503 est
138 1490 154 1513 ,
171 1460 287 1518 quod
308 1464 642 1519 vigintiquatuor
665 1459 923 1517 Babylonica
943 1461 1097 1503 talenta
1118 1461 1174 1503 sea

62 1529 184 1580 ptem
197 1520 404 1564 Hebraica
414 1519 591 1564 reddunt
604 1550 617 1564 .
628 1535 760 1579 quum
770 1530 910 1564 autem
923 1522 1174 1577 vigintiquas

66 1589 165 1624 tuor
190 1579 243 1623 ad
259 1578 359 1623 οξὶο
377 1580 428 1622 fit
441 1585 665 1640 proportio
677 1610 693 1634 ,
710 1595 802 1636 quae
812 1579 870 1622 est
882 1578 1002 1623 huius
1029 1579 1176 1623 talenti

65 1637 121 1685 ad
142 1641 337 1684 Atticum
359 1644 494 1684 maius
509 1659 520 1684 ι
547 1642 590 1683 &
613 1650 676 1683 ter
687 1637 786 1683 osto
796 1670 812 1694 ‚
840 1642 1175 1697 vigintiquatuor

62 1698 239 1744 reddant
252 1719 263 1743 ε
275 1698 376 1758 quid
386 1703 566 1759 apertius
579 1702 709 1758 quam
719 1697 832 1757 quod
843 1703 922 1742 tria
930 1699 1083 1743 talenta
1094 1702 1174 1745 Ata

65 1763 148 1803 tica
168 1764 328 1803 maiora
338 1775 472 1804 vnum
485 1759 745 1803 Hebraicum
760 1760 942 1803 efficiant
956 1763 971 1802 ἒ
983 1759 1175 1804 Rursum

67 1823 404 1878 vigintiquatuor
417 1819 468 1863 ad
479 1819 622 1863 decem
634 1820 692 1863 est
702 1823 926 1880 proportio
945 1817 1073 1878 dupla
1082 1819 1173 1862 suba

67 1879 400 1938 quadripartiens
411 1884 590 1938 quintas.
604 1880 709 1923 Duo
720 1884 850 1938 igitur
859 1879 984 1922 taleta
998 1881 1175 1937 Egeneti

69 1954 117 1983 ca
141 1954 237 1983 cum
249 1950 427 1996 quatuor
438 1943 595 1997 quintis
606 1940 792 1999 partibus
803 1940 947 1982 talenti
958 1941 1172 1996 Egenetici

67 2014 120 2043 ex
133 2014 252 2058 aequo
263 2000 444 2060 implent
455 1999 714 2044 Hebraicum
735 1999 843 2045 istud
855 2000 1042 2043 taletum.
1055 2000 1173 2044 valor
