1436 2371
21 30 24 88 4

514 23 730 57 narro.
1060 13 1131 73 71⁴

17 110 21 166 ξ
69 128 135 169 vis
146 122 279 170 lestor
288 120 465 166 consule.
484 120 626 164 Tenet
641 130 784 164 autem
796 122 1100 180 quinquaginta
1110 125 1189 167 mia

0 186 19 253 νε

0 259 17 288 Μ

0 317 15 349 ΓΙ

0 364 14 493 ,,’

0 498 10 551 ’ἕ

0 562 7 598 ¹(

0 630 5 671 l

1 699 3 732 l

0 759 1 807 l

67 197 143 230 nas
156 183 384 229 Hebraicas
397 185 574 225 maiores
576 194 686 237 ,quae
696 181 790 223 sunt
800 182 1011 240 sexaginta
1022 181 1191 240 siclorfi,

66 254 141 289 aut
153 253 323 288 centum
339 244 525 285 minores
536 238 731 283 siclorum
741 243 1025 300 trigintazquae
1036 258 1100 288 res
1110 245 1189 287 noo

66 305 207 349 nullos
224 301 365 360 adegit
373 299 585 362 duplicem
596 299 772 353 statuere
784 303 1189 361 minamzvulgarem

66 362 263 408 ficlorum
273 361 516 420 triginta,&
534 361 708 406 alteram
719 363 1076 419 maiorem,quam
1085 366 1188 408 Ezea

64 422 170 467 thiel
182 420 393 482 descripfit
404 452 420 476 ‚
431 420 625 465 siclorum
636 420 964 478 sexaginta.nam
979 423 1188 468 talentum

65 481 176 528 istud
185 483 360 540 vulgare
378 485 484 525 cicar
498 478 579 523 dici
590 495 679 524 non
690 479 822 540 posset
832 511 849 535 ‚
860 479 938 524 nisi
949 488 1189 528 centenario

64 543 208 602 aliquo
223 546 441 586 minatum
465 538 720 584 clauderetur
734 559 745 585 z
758 539 836 584 nisi
845 542 955 585 forte
970 541 1082 599 quod
1097 544 1187 587 vu12

65 618 146 662 gus
158 602 442 647 Hebraeorum
453 611 695 644 remanente
705 605 881 644 nomine
892 604 1085 655 cetenarii
1094 617 1188 662 pon

64 663 144 707 dus·
154 660 346 706 minuisse
355 660 514 705 dicatur
526 659 578 704 ad
590 659 808 720 subduplfi.
823 662 907 706 Cui
918 677 1008 705 non
1017 664 1188 723 prorsus

63 721 258 766 diffimile
280 722 338 766 est
360 720 402 764 id
419 719 533 779 quod
554 725 598 764 in
614 720 690 764 asse
711 720 896 766 diximus
918 727 1160 782 papyriano
1172 751 1187 767 0

66 784 175 827 Haec
186 786 315 839 igitur
328 786 446 825 mina
467 781 649 840 vulgaris
661 780 859 842 subdupla
871 783 929 826 est
954 781 1006 826 ad
1019 786 1185 827 minam

62 841 283 894 sanstuan'j
289 857 394 901 :quae
406 856 503 885 cum
522 844 696 899 triginta
706 853 872 887 tantum
887 842 1036 887 habeat
1048 841 1187 898 siclos,

63 902 220 947 neceffe
229 903 288 946 est
311 914 359 945 vt
379 902 588 959 sexaginta
600 899 841 946 didrachma
852 932 869 957 ,
886 901 1104 946 drachmas
1114 918 1186 946 ven

63 977 114 1006 ro
125 974 294 1006 centum
311 964 353 1006 &
367 966 522 1020 viginti
542 964 676 1021 capiat
689 994 700 1005 ,
716 967 830 1021 Qae
851 962 1013 1021 singula
1032 962 1064 1006 si
1090 977 1184 1006 cena

65 1026 228 1066 tenario
239 1023 513 1082 multiplicata
525 1025 685 1066 auxeris
696 1053 713 1076 ‚
728 1026 914 1066 inuenies
925 1033 1094 1067 centum
1105 1023 1186 1066 hun

63 1085 129 1127 ius
151 1080 312 1125 ordinis
334 1086 471 1124 minas
482 1083 670 1139 vulgares
694 1082 923 1126 Hebraicas
944 1081 1124 1143 coplesti
1135 1081 1187 1125 fia

61 1142 225 1187 elotum
237 1146 316 1186 tria
327 1142 542 1195 millia‚sex
557 1142 689 1185 millia
700 1140 944 1185 didrachma
948 1141 1186 1196 ‚drachmae

64 1217 162 1246 rum
184 1217 286 1246 vero
312 1200 535 1246 duodecim
557 1201 687 1244 millia
709 1232 726 1256 ‚
746 1216 839 1259 quae
865 1206 1012 1247 omnia
1034 1201 1184 1247 subdua

64 1262 182 1321 plam
193 1265 400 1307 rationem
412 1260 636 1305 ostendunt
645 1260 698 1305 ad
712 1262 918 1306 talentum
924 1261 1185 1306 Hebraicum

67 1326 202 1366 maius
211 1353 227 1378 ,
243 1337 376 1381 quum
387 1325 504 1365 mina
515 1321 564 1364 sit
575 1320 769 1365 siclorum
779 1322 991 1380 sexaginta
1005 1354 1016 1365 .
1028 1322 1186 1382 Nuper

66 1393 209 1426 autem
220 1381 405 1426 diximus
416 1382 621 1426 talentum
632 1385 827 1427 Atticum
846 1386 988 1427 minus
1008 1383 1076 1425 sex
1088 1383 1184 1426 mila

70 1443 127 1485 lia
137 1440 431 1486 drachmarum
442 1440 795 1501 complesti.Qo
806 1441 855 1485 fit
867 1452 914 1486 vt
924 1443 1100 1487 taletum
1110 1442 1186 1488 vul

65 1517 166 1560 gare
185 1502 442 1546 Hebraicum
453 1501 502 1545 sit
513 1500 691 1561 duplum
702 1502 754 1546 ad
763 1503 937 1546 taletum
950 1506 1091 1546 minus
1101 1504 1184 1546 Ata

67 1561 265 1606 ticum.N
267 1577 310 1604 ec
322 1572 362 1605 te
373 1562 487 1605 fallat
499 1566 711 1606 minarum
722 1578 1040 1606 numerus.nam
1054 1565 1183 1606 minae

70 1622 291 1666 Hebraicae
302 1622 395 1665 sunt
406 1624 558 1665 Atticis
571 1627 784 1679 grauiores
798 1654 808 1665 .
820 1620 916 1666 ideo
927 1638 978 1666 ex
989 1638 1184 1667 numeras

67 1684 186 1724 tione
195 1679 490 1726 drachmarum
501 1681 727 1726 haurienda
738 1684 796 1726 est
806 1687 1184 1744 proportio,quum

69 1739 149 1784 sint
162 1741 359 1786 omnibus
380 1742 554 1800 aequales
570 1773 580 1785 .
594 1742 664 1787 Est
676 1746 806 1800 igitur
825 1748 1048 1804 proportio
1058 1743 1184 1787 huius

68 1801 183 1844 talen·
195 1800 248 1845 ad
259 1805 452 1845 Atticum
462 1806 602 1846 minus
604 1818 714 1860 ,quae
725 1803 783 1847 est
793 1802 1016 1847 duodecim
1027 1802 1079 1847 ad
1093 1804 1180 1858 sex,

68 1858 196 1920 dupla
210 1859 466 1916 videlicet,vt
476 1860 562 1905 duo
580 1866 722 1906 Attica
734 1864 857 1907 taleta
869 1867 1035 1907 minora
1046 1879 1183 1907 vnum

69 1920 330 1964 Hebraicum
341 1925 482 1964 minus
493 1922 759 1967 constituant,
773 1926 915 1968 Huius
927 1939 1028 1967 vero
1038 1924 1184 1968 talenti

66 1978 119 2024 ad
135 1981 447 2039 Babylonicum
456 1997 502 2026 ea
512 1982 570 2026 est
581 1987 687 2027 ratio
699 2015 714 2038 ‚
727 1979 818 2044 quae
828 1982 1049 2029 duodecim
1061 1982 1115 2028 ad
1126 1985 1182 2028 ses
