1436 2371
523 45 742 95 uarios
1086 54 1138 96 39

25 148 28 195 ff
83 148 109 183 a
121 138 346 182 Iamnitico
358 145 486 195 portu
507 133 656 178 distare
680 135 927 181 milliaribus
939 139 1130 196 triginta.

145 197 326 242 Diaulus
338 195 527 239 mensura
538 194 721 238 duorum
733 195 961 241 stadiorum
965 198 1082 252 ‚hinc
1091 197 1188 245 diau

18 292 19 296 ,
84 256 362 313 lodromi‚qui
374 254 588 299 decursum
600 254 778 304 stadium
792 260 896 300 iteru
908 259 1187 317 recurrebant,

1 325 18 382 ε»
84 316 199 376 quasi
209 315 294 359 duo
305 314 434 359 stadia
444 316 558 358 cursu
570 315 841 358 absoluiffent.

1 383 16 415 k·
140 376 325 420 Milliare
338 376 403 420 seu
417 377 659 418 milliarium
671 405 687 429 ,
698 390 722 417 a
734 375 850 419 mille
866 374 1046 435 passibus
1058 375 1185 423 dedu2

18 446 19 456 ¹
80 433 199 480 stum
214 436 290 479 effe
301 438 429 480 velex
441 437 530 495 ipso
541 435 698 478 constat
708 439 898 478 nomine.
915 436 1121 480 Continet
1133 454 1185 483 au

80 507 169 540 tem
187 494 287 540 osto
299 495 444 550 stadia,
456 499 569 539 cuius
579 499 782 538 terminus
809 496 914 555 lapis
933 497 1181 556 appellatur:

74 569 126 600 Vt
137 573 233 601 cum
243 555 420 599 dicimus
447 571 537 598 rem
549 557 730 613 aliquam
745 555 858 598 sexto
870 556 921 598 ab
934 558 1035 599 vrbe
1045 556 1186 617 lapide

77 615 228 660 distare
242 647 259 671 ‚
271 617 453 673 intelligi
465 617 677 669 volumus,
690 620 797 658 inter
818 615 1002 673 fingulos
1024 615 1184 676 lapides

79 678 256 720 milliare
269 675 595 736 comprehendi.
612 677 773 732 Hebrei
785 677 1000 736 appellant
1022 677 1184 721 cibrath

84 736 260 780 Genesis
282 736 652 795 trigesimoquinto
666 766 680 792 ,
694 736 765 778 vbi
787 749 842 779 lta
871 752 950 779 nos
970 738 1152 795 legimus
1163 753 1176 765 ·

75 797 264 855 Egressus
276 828 292 851 ,
303 801 420 840 venit
432 795 483 839 ad
498 807 654 839 terram
671 811 757 854 *que
770 795 884 840 ducit
902 798 1177 857 Euphratem.

75 855 278 902 Nicolaus
288 855 340 901 de
353 860 467 915 Lyra
479 857 585 899 libro
596 855 901 900 differetiarum
927 861 1025 901 citat
1036 855 1178 901 leffloe

74 931 176 960 nem
188 921 303 961 iuxta
334 917 526 973 Hebrcos
550 921 593 959 in
605 917 715 960 hunc
727 915 1080 972 modum,Adhuc
1091 929 1180 961 erat

0 982 1 987 ’
73 978 257 1036 spacium
273 990 391 1020 terrae
402 979 488 1037 vsq3
505 976 557 1020 ad
569 981 794 1020 introitum
806 977 1046 1037 Euphratis,
1060 977 1177 1036 quod

70 1038 259 1096 spacium
274 1037 465 1080 Hebraeis
479 1039 659 1080 censetur
670 1037 746 1079 effe
757 1038 1174 1097 milliare.Hieronya

80 1111 177 1140 mus
188 1096 289 1140 dicit
301 1112 478 1140 vernum
492 1100 612 1157 tepus
625 1127 641 1151 ,
660 1099 701 1139 &
717 1096 770 1139 sic
781 1095 913 1140 difflo
926 1097 1104 1141 Cibrath
1115 1099 1176 1143 est

72 1161 286 1214 aequiuoca
306 1156 357 1200 ad
371 1172 548 1201 vernum
571 1169 738 1216 tempus
752 1188 766 1210 ‚
783 1159 824 1200 &
850 1159 1032 1217 spacium
1055 1169 1176 1202 terrae

72 1215 189 1274 quod
204 1217 263 1261 est
274 1216 607 1276 milliare.Qod
619 1221 701 1260 etia
712 1218 922 1275 colligitur
933 1234 984 1261 ex
995 1234 1045 1260 eo
1059 1217 1176 1275 quod

71 1275 246 1321 habetur
258 1281 394 1335 quarti
406 1278 584 1336 Regum
596 1281 746 1335 quinto
758 1276 809 1320 de
821 1279 1020 1322 Naaman
1032 1293 1113 1338 pro
1123 1295 1176 1322 eo

66 1335 184 1394 quod
194 1338 466 1395 legitur,abij‘t
477 1337 609 1381 elesto
621 1338 900 1398 tempore,seu
912 1353 1044 1382 verno
1064 1349 1172 1382 temo

66 1410 183 1454 pore.
197 1398 267 1448 alij
280 1401 338 1440 ita
351 1399 497 1456 legunt
508 1398 629 1452 ,abiit
640 1400 691 1441 ab
703 1414 754 1440 eo
762 1413 838 1457 per
850 1398 1025 1441 milliare
1037 1409 1178 1455 terrae,

70 1460 129 1499 ita
142 1467 188 1499 vt
200 1458 405 1515 intelligas
418 1457 531 1515 quod
544 1459 743 1502 Naaman
758 1456 953 1501 nondum
965 1457 1173 1504 recesserat

68 1515 121 1558 ab
137 1518 306 1559 Heliseo
318 1532 348 1575 p
360 1519 534 1561 milliare
545 1519 728 1571 terrae‚&
743 1533 831 1560 ecce
843 1518 983 1561 statim
993 1517 1173 1562 adcurrit

68 1574 122 1619 ad
133 1579 184 1619 esi
200 1578 240 1619 G
246 1580 324 1619 iezi
340 1610 350 1620 .
370 1577 482 1620 Vide
493 1576 726 1620 dictionem
739 1580 866 1621 Barra
884 1580 925 1622 &
937 1576 1172 1623 diffionem

69 1636 179 1679 cabis
191 1637 302 1696 apud
315 1635 512 1682 Sanftem
527 1638 783 1695 Pagninum.
792 1638 1020 1682 Pellicanus
1033 1638 1171 1698 spacifi

66 1706 185 1741 terrae
198 1698 708 1759 interpretatur‚Thomas
720 1696 771 1740 de
783 1702 855 1741 vio
870 1702 1040 1758 reponit
1062 1714 1171 1758 pran

68 1755 188 1799 dium
201 1768 324 1814 terre,
339 1760 420 1801 hoc
436 1759 494 1801 est
505 1758 726 1800 interstitii}
740 1761 899 1801 itineris
911 1774 934 1801 a
946 1760 1039 1802 loco
1050 1758 1170 1803 decua

68 1816 178 1859 bitus
191 1816 242 1860 ad
253 1817 524 1862 diuersorium
541 1817 842 1871 meridianum,
855 1818 1033 1876 quiesset
1043 1818 1168 1862 dimia

67 1874 160 1919 dius
173 1878 389 1922 stathmus.
406 1877 517 1922 Illud
528 1890 669 1921 tamen
679 1878 911 1923 videndum
923 1878 981 1922 est
993 1893 1045 1921 ne
1056 1879 1166 1922 forte

67 1936 230 1993 Hebrgi
245 1943 472 1996 antiquitus
484 1949 697 1983 vterentut
719 1940 887 1982 milliari
909 1939 1167 1994 cubitorum,

63 1995 160 2040 dico
171 2002 401 2058 antiquitus
412 2030 429 2056 ,
441 2002 537 2058 quia
548 1999 698 2043 nostris
718 1999 983 2060 temporibus
1007 1999 1045 2042 se
1058 1997 1135 2044 ada
1149 2020 1162 2039 ε
