1436 2371
517 71 719 107 RA110
1081 66 1130 106 18

70 163 219 209 hordei
229 161 354 223 ’quasi
375 161 475 223 ephi
499 164 735 207 mensuram
747 194 765 219 ‚
777 160 820 207 id
832 163 985 224 est-tres
1005 163 1198 211 modios-¹

73 226 121 269 &
145 223 250 269 istud
273 227 460 267 maxime
472 223 718 267 sententiam
741 224 930 267 nostram
944 224 1190 281 confirmat,

70 283 187 343 quod
211 284 320 328 hunc
338 294 505 327 textum
537 286 730 342 Ly-ranus
757 289 816 326 ait
839 284 1035 328 additum
1057 285 1132 329 effe
1163 289 1191 331 a

67 345 311 388 transsatore
333 348 378 387 in
403 344 512 389 libro
533 342 869 387 differentiarum
890 375 901 386 .
930 346 1048 388 Hinc
1070 350 1190 390 enim

66 415 211 464 aperte
232 405 391 462 liquet,
415 404 516 464 ephi
548 406 589 447 &
615 402 869 462 amphoram
902 404 979 446 effe
1005 406 1191 450 eiusdem

67 465 287 519 meniurae,
301 463 492 508 videlicet
501 467 631 507 trium
643 467 903 507 modiorum.
920 465 1085 507 Verum
1101 482 1190 524 quo

63 522 222 584 pasto,
244 528 434 583 inquies,
464 535 547 567 tres
567 523 757 567 boffeuos
778 536 948 584 portare
970 538 1114 584 potuit
1141 531 1188 569 in

65 587 281 628 ciuitatem
306 588 321 626 i
355 584 395 627 sa
418 583 577 628 Ruth?
601 586 664 627 At
685 598 775 626 non
798 584 949 638 refert,
972 600 1189 639 vnane3an

64 644 254 705 pluribus
266 598 473 698 vegun's,
496 644 635 687 solane
658 646 748 687 ana
769 645 958 704 plurimus
981 644 1123 688 adiuta
1145 643 1191 689 {d

64 703 208 747 fecerit
220 736 231 748 .
247 704 512 749 Vtrumlibet
534 708 650 746 enim
675 702 830 747 dixeris
844 734 859 758 ,
873 718 1018 747 manet
1042 706 1185 750 incola

65 767 148 807 mis
160 764 367 825 scn‘pturae
379 762 604 809 au&oritas
618 796 628 806 .
642 763 752 807 Illud
762 775 905 808 autem
919 776 1039 822 vrget
1052 770 1185 808 acrius

65 822 182 882 quod
210 824 391 883 sequitur
402 822 634 886 ‚Expande
644 827 810 883 ‚inquit
836 825 956 868 Booz
972 855 988 879 ‚
1000 826 1182 884 pallium

64 893 189 928 tuum
210 900 297 943 quo
318 889 496 946 operiris
506 915 523 940 ,
550 887 593 928 Sc
618 896 712 928 tene
734 896 907 943 Vtraque
929 900 1085 929 manu.
1101 901 1185 943 qua

64 944 318 989 extendente
333 947 375 989 &
394 956 581 1001 tenente,
596 945 761 988 mensus
774 945 833 989 est
843 945 909 988 sex
923 944 1092 989 modios
1103 946 1186 990 hor

64 1001 162 1059 dei,
178 1007 220 1049 &
247 1007 385 1065 posuit
406 1006 527 1065 super
546 1020 641 1049 eam
656 1024 666 1049 ε
680 1020 772 1064 quae
782 1017 960 1064 portans
977 1036 993 1060 ,
1007 1005 1185 1064 ingreffa

63 1063 123 1107 est
149 1068 362 1109 ciuitatem
376 1096 393 1120 ,
408 1068 449 1109 δι
466 1070 583 1108 venit
602 1065 655 1109 ad
667 1067 829 1109 socrum
851 1066 966 1109 suam
980 1097 991 1107 .
1006 1067 1099 1109 Iam
1110 1081 1185 1109 nez

62 1139 145 1182 que
165 1122 332 1180 adiuta,
344 1140 480 1183 neque
492 1124 671 1169 vesturis
682 1124 872 1184 pluribus
889 1156 906 1181 ‚
919 1124 985 1169 sed
995 1140 1078 1169 vna
1092 1137 1184 1169 tana

61 1193 158 1229 tum
168 1215 185 1240 ‚
197 1184 420 1242 quomodo
443 1186 510 1228 sex
523 1186 693 1229 modios
713 1184 872 1228 deferre
882 1190 1023 1245 potuit
1038 1217 1054 1240 ,
1068 1197 1114 1228 vt
1125 1198 1184 1230 περ

62 1255 160 1290 xtus
172 1243 406 1302 ostendit‚s1'
419 1245 588 1289 modios
601 1246 791 1290 boffellos
807 1245 882 1288 effe
893 1245 1102 1290 dicamus?
1113 1248 1185 1290 sub

62 1314 185 1350 tanto
207 1309 326 1350 enim
348 1321 475 1350 onere
500 1310 629 1350 etiam
650 1305 785 1349 asinus
807 1307 876 1349 ilia
889 1305 1054 1349 duceret
1067 1338 1078 1347 .
1094 1308 1181 1351 Ves

64 1380 164 1411 rum
175 1365 284 1411 istud
305 1381 394 1411 non
406 1366 585 1410 offendit
606 1382 700 1410 eam
713 1382 805 1424 quae
827 1365 937 1409 dieta
951 1367 1008 1409 est
1020 1366 1071 1409 de
1082 1366 1184 1426 ephi

64 1424 331 1470 assertionem
345 1459 355 1469 .
369 1425 479 1470 Illud
500 1426 643 1470 dixiffe
655 1428 804 1469 iufficit
815 1456 830 1480 ,
844 1425 959 1484 quod
971 1441 1015 1468 m
1028 1426 1185 1482 hebreo

64 1484 267 1541 habetur,
281 1487 446 1530 mensus
468 1487 525 1530 est
545 1486 693 1529 hordei
706 1487 770 1528 sex
783 1517 799 1540 ‚
812 1498 857 1528 vt
880 1487 1185 1544 iubintefligere

64 1544 193 1605 poffis
224 1561 499 1605 quancunque
521 1547 784 1599 mensuram,
808 1548 873 1589 vel
905 1550 1034 1589 etiam
1056 1551 1183 1591 minin

66 1620 212 1661 mam,
239 1616 389 1666 vtpote
411 1608 512 1664 leg,
526 1622 655 1664 quam
678 1607 853 1648 sextario
881 1609 1026 1650 Attico
1048 1622 1182 1664 aequaz

65 1665 150 1709 lem
162 1666 434 1726 probauimus
446 1696 461 1721 ,
475 1678 545 1712 aut
556 1668 692 1709 leuem
703 1667 888 1723 aliquam
900 1697 916 1721 ‚
928 1681 1185 1725 quaecunque

64 1726 134 1770 illa
147 1724 318 1770 tandem
335 1728 461 1772 fuerit
472 1758 488 1782 ,
502 1728 760 1769 mensuram.
776 1730 846 1770 Sic
858 1742 975 1770 enim
990 1725 1036 1770 fit
1051 1739 1096 1770 vt
1108 1743 1183 1770 mo

65 1783 159 1830 dius
170 1801 250 1847 pro
274 1786 467 1832 modiolo
488 1801 797 1844 nonnunquam
810 1792 1031 1848 accipiatur
1046 1818 1062 1841 ‚
1084 1787 1184 1831 sicut

68 1845 302 1891 choem'cem
327 1849 563 1891 menturam
583 1863 660 1908 per
672 1848 707 1890 se
724 1847 976 1891 &modium
988 1848 1184 1892 authores

67 1920 377 1966 nonnunquam
388 1910 616 1969 appellant.
631 1907 681 1951 Id
691 1923 819 1969 quoq3
834 1910 969 1952 nolim
981 1912 1184 1967 praeteriri

69 1964 368 2026 fi'Ient1‘02quod
381 1983 477 2013 cum
489 1969 589 2030 ephi
608 1973 724 2016 iuxta
735 1969 918 2030 superius
930 1968 1042 2013 difta
1053 1967 1102 2013 fi't
1113 1967 1180 2017 dea

911 2046 933 2074 c
965 2045 995 2082 ι]
