1436 2371
525 41 744 78 RArro.
1091 43 1153 86 24

83 144 203 188 facile
212 159 264 186 ex
275 141 402 186 abaco
418 139 630 198 colligitur
645 171 656 183 .
675 138 895 198 Siquidem
915 141 1059 186 Attica
1079 152 1200 200 quara

83 209 211 248 tarios
225 201 434 247 Parisinos
455 198 680 244 duodecim
697 200 918 254 ,heminas
933 211 1016 246 tres
1035 205 1202 262 recipit,

87 266 299 322 Georgica
310 259 607 321 septemdecim
620 259 867 314 ,heminam
878 275 1010 305 vnam
1020 292 1038 317 ‚
1058 263 1102 306 &
1114 272 1201 307 tres

83 323 302 368 drachmas
315 318 611 381 complectitur
630 351 641 363 .
656 321 956 380 Hippoiatrica
967 320 1201 380 quartarios

80 382 258 428 sedecim
272 414 286 438 ,
304 386 470 443 pintam
496 396 626 424 vnam
638 411 654 435 ,
667 386 808 424 vncias
820 382 905 435 sex,
922 382 965 424 &
978 380 1200 428 drachmas

79 455 260 502 quatuor
272 443 411 486 habet.
419 442 621 487 Romana
633 438 955 500 comprehendit
964 446 1200 500 quartarios

83 503 295 549 Parifinos
308 517 482 547 nouem.
501 503 596 558 Hec
606 512 747 544 autem
769 500 955 545 Parisina
975 504 1062 560 qufi
1073 504 1198 547 centfi

79 564 535 624 quadragintaquatuor
546 562 738 605 heminas
749 560 1071 616 habeat,neceffe
1081 562 1139 606 est
1151 574 1200 606 vt

77 627 303 685 cheopinas
315 628 358 666 in
370 622 575 682 subduplo
584 621 963 681 septuagintaduas‚
974 624 1115 683 pintas
1126 638 1197 667 ve2

77 699 130 730 ro
140 700 320 729 numero
331 682 557 728 dimidiato
579 685 749 741 recipiat
760 712 775 735 ‚
793 681 986 726 videlicet
1002 686 1198 741 trigintaa

77 745 398 804 sex9quartarios
409 755 550 788 autem
562 741 614 787 ad
625 740 855 785 dimidium
864 742 1123 802 precedentis
1135 758 1198 789 nu

78 810 186 850 meri
205 804 351 850 decem
379 807 422 848 &
447 801 546 847 osto
566 837 575 847 .
590 803 660 847 Est
681 818 784 861 ergo
804 802 891 846 haec
914 802 1123 863 amphora
1145 814 1196 848 vt

76 870 285 925 georgicae
297 868 511 926 capacitati
522 867 720 925 proxima
732 894 747 918 ,
762 867 818 906 ita
828 864 990 923 superat
1001 866 1195 908 Atticam

76 928 186 987 pene
199 931 243 970 in
253 927 512 985 sesquialtero
527 956 540 978 ‚
558 924 633 984 hip
668 927 884 968 oiatricam
894 927 939 967 in
950 922 1195 982 i'esquiostaa

76 1002 135 1031 uo
150 1017 167 1042 ,
182 986 435 1031 Romanam
447 1002 547 1029 vero
564 989 607 1028 in
650 984 751 1044 uplo
764 1014 779 1039 ,
791 982 993 1042 neglectis
1005 984 1085 1028 hoc
1095 986 1193 1030 loco

75 1047 242 1105 aliquot
252 1049 443 1098 minutiis
453 1062 521 1089 am
525 1045 955 1105 phoraeRomanae.N
955 1060 1026 1089 am
1038 1044 1102 1088 bis
1113 1060 1193 1090 no2

76 1120 176 1152 uem
187 1107 281 1151 snut
294 1105 440 1150 decem
456 1108 498 1149 δε
513 1104 612 1149 octo
629 1136 639 1148 .
655 1107 748 1148 Iam
759 1108 854 1148 aute
865 1106 986 1165 supra
1003 1104 1194 1151 diximus

73 1167 251 1212 eandem
263 1167 339 1211 effe
350 1170 502 1211 Atticae
516 1165 815 1223 Hebraicaeque
825 1165 1045 1226 amphorae
1065 1169 1196 1211 ratioa

75 1240 178 1272 nem
193 1260 204 1272 .
233 1229 408 1272 Horum
430 1230 629 1270 omnium
655 1241 746 1283 quae
768 1224 955 1270 diximus
964 1256 982 1281 ‚
993 1225 1194 1286 probatio

74 1287 233 1348 pendet
244 1305 296 1332 ex
308 1287 533 1346 abacozque
546 1285 576 1329 si
587 1286 855 1342 consulueris,
866 1286 1062 1331 luculeter
1077 1302 1195 1345 agno

74 1349 156 1393 sces
167 1364 257 1394 rem
270 1353 327 1392 ita
336 1350 376 1392 se
387 1348 538 1392 habere
549 1358 596 1390 vt
609 1345 812 1391 diximus.
829 1349 874 1390 Si
884 1350 1015 1406 igitur
1027 1347 1193 1391 mensus

74 1423 122 1451 ra
133 1409 269 1467 aliqua
278 1407 517 1466 designatur
527 1406 673 1451 decem
688 1409 731 1450 δε
753 1405 854 1450 osto
864 1411 1099 1465 quartarios
1109 1422 1191 1452 con

73 1471 211 1512 tinens
220 1499 237 1523 ‚
252 1469 320 1512 illa
333 1467 559 1511 merebitur
567 1468 784 1527 amphorae
798 1465 993 1511 Parifi‘nae
1013 1482 1190 1511 nomen.

79 1533 196 1587 Qae
207 1543 270 1572 res
283 1543 371 1571 non
392 1543 545 1587 parum
560 1531 768 1569 momenti
791 1525 949 1570 adferet
961 1527 1013 1571 ad
1026 1542 1191 1585 aequana

74 1587 147 1632 das
162 1590 205 1632 &
221 1586 503 1632 conciliandas
519 1602 668 1630 omnes
687 1585 863 1630 ditionis
875 1587 1049 1631 Gallicae
1070 1603 1190 1631 mena

73 1649 182 1696 suras
193 1679 210 1704 ,
222 1648 254 1692 fi
264 1648 316 1692 ab
324 1646 532 1707 amphora
553 1662 650 1690 vere
669 1650 927 1704 geometrica
946 1657 1150 1705 tanquam
1163 1652 1190 1693 a*

73 1721 218 1753 centro
236 1708 365 1769 dupla
383 1709 665 1767 proportione
689 1705 945 1750 ascendendo
966 1709 1188 1752 constitueo

74 1781 217 1813 rentur
230 1770 447 1822 mensum,
460 1768 532 1811 sub
545 1765 672 1827 dupla
684 1783 785 1811 vero
795 1766 1078 1812 descendendo
1089 1783 1190 1828 prou

76 1829 232 1887 greffus
244 1830 338 1873 effet
357 1828 409 1872 ad
429 1827 598 1871 infimas
615 1860 626 1870 .
642 1829 808 1872 Verum
820 1826 872 1871 de
891 1843 937 1872 ea
949 1844 994 1872 re
1005 1827 1190 1873 viderint

76 1890 328 1947 legissatores
344 1922 357 1932 .
394 1891 500 1932 Satis
523 1887 573 1931 fit
593 1888 716 1931 nobis
736 1889 902 1932 facilem
923 1888 976 1932 ad
996 1889 1084 1932 haec
1104 1904 1186 1949 pa:

73 1950 175 1993 rasse
188 1951 463 1994 viam.Huius
475 1952 709 2008 capacitatis
721 1949 959 1992 mensuram
969 1950 1102 1993 nostri
1113 1965 1188 1994 mu

73 2014 235 2072 nicipes
266 2008 654 2063 hemimedimnum
685 2010 895 2073 apellant,
917 2011 1064 2070 gallice
1097 2026 1188 2071 vng
